<?xml version="1.0" encoding="UTF-8"?><collection xmlns="http://www.loc.gov/MARC21/slim"><record><leader>00380nam--2200121-i-4500</leader><controlfield tag="001">000021308</controlfield><controlfield tag="002">20161230</controlfield><controlfield tag="005">20161230201034</controlfield><controlfield tag="008">060222s1000------------r-----000-0-eng-d</controlfield><datafield ind1=" " ind2=" " tag="100"><subfield code="a">Hecht, Heinrich</subfield></datafield><datafield ind1=" " ind2=" " tag="245"><subfield code="a">Schaltschemata und differentialgleichungen electrischer und mechanischer schwingungsgebilde</subfield></datafield><datafield ind1=" " ind2=" " tag="260"><subfield code="a">Leipzig, Johan Ambrosius Barth, 1950, Vii + 170p + 1f</subfield></datafield><datafield ind1=" " ind2=" " tag="852"><subfield code="a">1647</subfield></datafield></record></collection>